%YAML 1.1
%TAG !u! tag:unity3d.com,2011:
--- !u!29 &1
SceneSettings:
  m_ObjectHideFlags: 0
  m_PVSData: 
  m_PVSObjectsArray: []
  m_PVSPortalsArray: []
  m_OcclusionBakeSettings:
    smallestOccluder: 5
    smallestHole: 0.25
    backfaceThreshold: 100
--- !u!104 &2
RenderSettings:
  m_ObjectHideFlags: 0
  serializedVersion: 6
  m_Fog: 0
  m_FogColor: {r: 0.16349481, g: 0.2576662, b: 0.41176468, a: 0.553}
  m_FogMode: 1
  m_FogDensity: 0.1
  m_LinearFogStart: 0
  m_LinearFogEnd: 500
  m_AmbientSkyColor: {r: 0.17128026, g: 0.24264705, b: 0.23674087, a: 1}
  m_AmbientEquatorColor: {r: 0.114, g: 0.125, b: 0.133, a: 1}
  m_AmbientGroundColor: {r: 0.047, g: 0.043, b: 0.035, a: 1}
  m_AmbientIntensity: 1
  m_AmbientMode: 1
  m_SkyboxMaterial: {fileID: 2100000, guid: 6b0bfb2f6d7667546974015eaf33bd74, type: 2}
  m_HaloStrength: 0.5
  m_FlareStrength: 1
  m_FlareFadeSpeed: 3
  m_HaloTexture: {fileID: 0}
  m_SpotCookie: {fileID: 10001, guid: 0000000000000000e000000000000000, type: 0}
  m_DefaultReflectionMode: 0
  m_DefaultReflectionResolution: 128
  m_ReflectionBounces: 1
  m_ReflectionIntensity: 1
  m_CustomReflection: {fileID: 0}
  m_Sun: {fileID: 0}
--- !u!157 &3
LightmapSettings:
  m_ObjectHideFlags: 0
  serializedVersion: 6
  m_GIWorkflowMode: 1
  m_LightmapsMode: 1
  m_GISettings:
    serializedVersion: 2
    m_BounceScale: 1
    m_IndirectOutputScale: 1
    m_AlbedoBoost: 1
    m_TemporalCoherenceThreshold: 1
    m_EnvironmentLightingMode: 0
    m_EnableBakedLightmaps: 0
    m_EnableRealtimeLightmaps: 0
  m_LightmapEditorSettings:
    serializedVersion: 3
    m_Resolution: 2
    m_BakeResolution: 40
    m_TextureWidth: 1024
    m_TextureHeight: 1024
    m_AOMaxDistance: 1
    m_Padding: 2
    m_CompAOExponent: 0
    m_LightmapParameters: {fileID: 0}
    m_TextureCompression: 1
    m_FinalGather: 0
    m_FinalGatherRayCount: 1024
    m_ReflectionCompression: 2
  m_LightingDataAsset: {fileID: 0}
  m_RuntimeCPUUsage: 25
--- !u!196 &4
NavMeshSettings:
  serializedVersion: 2
  m_ObjectHideFlags: 0
  m_BuildSettings:
    serializedVersion: 2
    agentRadius: 0.5
    agentHeight: 2
    agentSlope: 45
    agentClimb: 0.4
    ledgeDropHeight: 0
    maxJumpAcrossDistance: 0
    accuratePlacement: 0
    minRegionArea: 2
    cellSize: 0.16666667
    manualCellSize: 0
  m_NavMeshData: {fileID: 0}
--- !u!1001 &26503479
Prefab:
  m_ObjectHideFlags: 0
  serializedVersion: 2
  m_Modification:
    m_TransformParent: {fileID: 0}
    m_Modifications:
    - target: {fileID: 400000, guid: 1f7aa4d40edff6e48b549003cad031e1, type: 2}
      propertyPath: m_LocalPosition.x
      value: -0.7
      objectReference: {fileID: 0}
    - target: {fileID: 400000, guid: 1f7aa4d40edff6e48b549003cad031e1, type: 2}
      propertyPath: m_LocalPosition.y
      value: -8.6
      objectReference: {fileID: 0}
    - target: {fileID: 400000, guid: 1f7aa4d40edff6e48b549003cad031e1, type: 2}
      propertyPath: m_LocalPosition.z
      value: 127.312294
      objectReference: {fileID: 0}
    - target: {fileID: 400000, guid: 1f7aa4d40edff6e48b549003cad031e1, type: 2}
      propertyPath: m_LocalRotation.x
      value: 0
      objectReference: {fileID: 0}
    - target: {fileID: 400000, guid: 1f7aa4d40edff6e48b549003cad031e1, type: 2}
      propertyPath: m_LocalRotation.y
      value: 0
      objectReference: {fileID: 0}
    - target: {fileID: 400000, guid: 1f7aa4d40edff6e48b549003cad031e1, type: 2}
      propertyPath: m_LocalRotation.z
      value: 0
      objectReference: {fileID: 0}
    - target: {fileID: 400000, guid: 1f7aa4d40edff6e48b549003cad031e1, type: 2}
      propertyPath: m_LocalRotation.w
      value: 1
      objectReference: {fileID: 0}
    - target: {fileID: 400000, guid: 1f7aa4d40edff6e48b549003cad031e1, type: 2}
      propertyPath: m_RootOrder
      value: 1
      objectReference: {fileID: 0}
    - target: {fileID: 400000, guid: 1f7aa4d40edff6e48b549003cad031e1, type: 2}
      propertyPath: m_LocalScale.x
      value: 1.5370358
      objectReference: {fileID: 0}
    - target: {fileID: 400000, guid: 1f7aa4d40edff6e48b549003cad031e1, type: 2}
      propertyPath: m_LocalScale.z
      value: 1.150976
      objectReference: {fileID: 0}
    - target: {fileID: 19800000, guid: 1f7aa4d40edff6e48b549003cad031e1, type: 2}
      propertyPath: prewarm
      value: 1
      objectReference: {fileID: 0}
    m_RemovedComponents: []
  m_ParentPrefab: {fileID: 100100000, guid: 1f7aa4d40edff6e48b549003cad031e1, type: 2}
  m_IsPrefabParent: 0
--- !u!114 &130251782 stripped
MonoBehaviour:
  m_PrefabParentObject: {fileID: 11426982, guid: 502addd0a625d41b5b967ca7b5b5f3d1,
    type: 2}
  m_PrefabInternal: {fileID: 1770194329}
  m_Script: {fileID: 708705254, guid: f5f67c52d1564df4a8936ccd202a3bd8, type: 3}
--- !u!1 &152515613
GameObject:
  m_ObjectHideFlags: 0
  m_PrefabParentObject: {fileID: 0}
  m_PrefabInternal: {fileID: 0}
  serializedVersion: 4
  m_Component:
  - 4: {fileID: 152515617}
  - 33: {fileID: 152515616}
  - 64: {fileID: 152515615}
  - 23: {fileID: 152515614}
  m_Layer: 0
  m_Name: Plane
  m_TagString: Untagged
  m_Icon: {fileID: 0}
  m_NavMeshLayer: 0
  m_StaticEditorFlags: 0
  m_IsActive: 1
--- !u!23 &152515614
MeshRenderer:
  m_ObjectHideFlags: 0
  m_PrefabParentObject: {fileID: 0}
  m_PrefabInternal: {fileID: 0}
  m_GameObject: {fileID: 152515613}
  m_Enabled: 1
  m_CastShadows: 1
  m_ReceiveShadows: 1
  m_Materials:
  - {fileID: 10303, guid: 0000000000000000f000000000000000, type: 0}
  m_SubsetIndices: 
  m_StaticBatchRoot: {fileID: 0}
  m_UseLightProbes: 1
  m_ReflectionProbeUsage: 1
  m_ProbeAnchor: {fileID: 0}
  m_ScaleInLightmap: 1
  m_PreserveUVs: 1
  m_IgnoreNormalsForChartDetection: 0
  m_ImportantGI: 0
  m_MinimumChartSize: 4
  m_AutoUVMaxDistance: 0.5
  m_AutoUVMaxAngle: 89
  m_LightmapParameters: {fileID: 0}
  m_SortingLayerID: 0
  m_SortingOrder: 0
--- !u!64 &152515615
MeshCollider:
  m_ObjectHideFlags: 0
  m_PrefabParentObject: {fileID: 0}
  m_PrefabInternal: {fileID: 0}
  m_GameObject: {fileID: 152515613}
  m_Material: {fileID: 0}
  m_IsTrigger: 0
  m_Enabled: 1
  serializedVersion: 2
  m_Convex: 0
  m_Mesh: {fileID: 10209, guid: 0000000000000000e000000000000000, type: 0}
--- !u!33 &152515616
MeshFilter:
  m_ObjectHideFlags: 0
  m_PrefabParentObject: {fileID: 0}
  m_PrefabInternal: {fileID: 0}
  m_GameObject: {fileID: 152515613}
  m_Mesh: {fileID: 10209, guid: 0000000000000000e000000000000000, type: 0}
--- !u!4 &152515617
Transform:
  m_ObjectHideFlags: 0
  m_PrefabParentObject: {fileID: 0}
  m_PrefabInternal: {fileID: 0}
  m_GameObject: {fileID: 152515613}
  m_LocalRotation: {x: 0, y: 0, z: 0, w: 1}
  m_LocalPosition: {x: 0, y: -15, z: 0}
  m_LocalScale: {x: 100, y: 1, z: 25}
  m_Children: []
  m_Father: {fileID: 0}
  m_RootOrder: 30
--- !u!1001 &303559187
Prefab:
  m_ObjectHideFlags: 0
  serializedVersion: 2
  m_Modification:
    m_TransformParent: {fileID: 0}
    m_Modifications:
    - target: {fileID: 439538, guid: 752f6b2c552f94c8193c9da7af9fe4ed, type: 2}
      propertyPath: m_LocalPosition.x
      value: 0
      objectReference: {fileID: 0}
    - target: {fileID: 439538, guid: 752f6b2c552f94c8193c9da7af9fe4ed, type: 2}
      propertyPath: m_LocalPosition.y
      value: 4.7
      objectReference: {fileID: 0}
    - target: {fileID: 439538, guid: 752f6b2c552f94c8193c9da7af9fe4ed, type: 2}
      propertyPath: m_LocalPosition.z
      value: -14.3
      objectReference: {fileID: 0}
    - target: {fileID: 439538, guid: 752f6b2c552f94c8193c9da7af9fe4ed, type: 2}
      propertyPath: m_LocalRotation.x
      value: 0
      objectReference: {fileID: 0}
    - target: {fileID: 439538, guid: 752f6b2c552f94c8193c9da7af9fe4ed, type: 2}
      propertyPath: m_LocalRotation.y
      value: 0
      objectReference: {fileID: 0}
    - target: {fileID: 439538, guid: 752f6b2c552f94c8193c9da7af9fe4ed, type: 2}
      propertyPath: m_LocalRotation.z
      value: 0
      objectReference: {fileID: 0}
    - target: {fileID: 439538, guid: 752f6b2c552f94c8193c9da7af9fe4ed, type: 2}
      propertyPath: m_LocalRotation.w
      value: 1
      objectReference: {fileID: 0}
    - target: {fileID: 439538, guid: 752f6b2c552f94c8193c9da7af9fe4ed, type: 2}
      propertyPath: m_RootOrder
      value: 2
      objectReference: {fileID: 0}
    - target: {fileID: 2024910, guid: 752f6b2c552f94c8193c9da7af9fe4ed, type: 2}
      propertyPath: m_ClearFlags
      value: 2
      objectReference: {fileID: 0}
    - target: {fileID: 9223988, guid: 752f6b2c552f94c8193c9da7af9fe4ed, type: 2}
      propertyPath: m_Enabled
      value: 1
      objectReference: {fileID: 0}
    - target: {fileID: 2024910, guid: 752f6b2c552f94c8193c9da7af9fe4ed, type: 2}
      propertyPath: m_HDR
      value: 1
      objectReference: {fileID: 0}
    - target: {fileID: 2024910, guid: 752f6b2c552f94c8193c9da7af9fe4ed, type: 2}
      propertyPath: m_OcclusionCulling
      value: 1
      objectReference: {fileID: 0}
    - target: {fileID: 2024910, guid: 752f6b2c552f94c8193c9da7af9fe4ed, type: 2}
      propertyPath: m_CullingMask.m_Bits
      value: 4294967295
      objectReference: {fileID: 0}
    - target: {fileID: 2024910, guid: 752f6b2c552f94c8193c9da7af9fe4ed, type: 2}
      propertyPath: m_Enabled
      value: 1
      objectReference: {fileID: 0}
    - target: {fileID: 2024910, guid: 752f6b2c552f94c8193c9da7af9fe4ed, type: 2}
      propertyPath: far clip plane
      value: 1500
      objectReference: {fileID: 0}
    m_RemovedComponents: []
  m_ParentPrefab: {fileID: 100100000, guid: 752f6b2c552f94c8193c9da7af9fe4ed, type: 2}
  m_IsPrefabParent: 0
--- !u!1001 &359444524
Prefab:
  m_ObjectHideFlags: 0
  serializedVersion: 2
  m_Modification:
    m_TransformParent: {fileID: 0}
    m_Modifications:
    - target: {fileID: 400000, guid: b75ce701dc7f3224f8cd3faa608b530d, type: 3}
      propertyPath: m_LocalPosition.x
      value: -180.9
      objectReference: {fileID: 0}
    - target: {fileID: 400000, guid: b75ce701dc7f3224f8cd3faa608b530d, type: 3}
      propertyPath: m_LocalPosition.y
      value: 0
      objectReference: {fileID: 0}
    - target: {fileID: 400000, guid: b75ce701dc7f3224f8cd3faa608b530d, type: 3}
      propertyPath: m_LocalPosition.z
      value: 10.7
      objectReference: {fileID: 0}
    - target: {fileID: 400000, guid: b75ce701dc7f3224f8cd3faa608b530d, type: 3}
      propertyPath: m_LocalRotation.x
      value: 0
      objectReference: {fileID: 0}
    - target: {fileID: 400000, guid: b75ce701dc7f3224f8cd3faa608b530d, type: 3}
      propertyPath: m_LocalRotation.y
      value: 0
      objectReference: {fileID: 0}
    - target: {fileID: 400000, guid: b75ce701dc7f3224f8cd3faa608b530d, type: 3}
      propertyPath: m_LocalRotation.z
      value: 0
      objectReference: {fileID: 0}
    - target: {fileID: 400000, guid: b75ce701dc7f3224f8cd3faa608b530d, type: 3}
      propertyPath: m_LocalRotation.w
      value: 1
      objectReference: {fileID: 0}
    - target: {fileID: 400000, guid: b75ce701dc7f3224f8cd3faa608b530d, type: 3}
      propertyPath: m_RootOrder
      value: 23
      objectReference: {fileID: 0}
    - target: {fileID: 400002, guid: b75ce701dc7f3224f8cd3faa608b530d, type: 3}
      propertyPath: m_LocalScale.x
      value: 2.8328004
      objectReference: {fileID: 0}
    - target: {fileID: 400002, guid: b75ce701dc7f3224f8cd3faa608b530d, type: 3}
      propertyPath: m_LocalScale.y
      value: 3.0274608
      objectReference: {fileID: 0}
    - target: {fileID: 400002, guid: b75ce701dc7f3224f8cd3faa608b530d, type: 3}
      propertyPath: m_LocalPosition.y
      value: 56.3
      objectReference: {fileID: 0}
    - target: {fileID: 2300002, guid: b75ce701dc7f3224f8cd3faa608b530d, type: 3}
      propertyPath: m_Materials.Array.data[0]
      value: 
      objectReference: {fileID: 2100000, guid: cde19fb6249580b42a309e73e226b0a3, type: 2}
    - target: {fileID: 2300004, guid: b75ce701dc7f3224f8cd3faa608b530d, type: 3}
      propertyPath: m_Materials.Array.data[0]
      value: 
      objectReference: {fileID: 2100000, guid: cde19fb6249580b42a309e73e226b0a3, type: 2}
    - target: {fileID: 2300006, guid: b75ce701dc7f3224f8cd3faa608b530d, type: 3}
      propertyPath: m_Materials.Array.data[0]
      value: 
      objectReference: {fileID: 2100000, guid: cde19fb6249580b42a309e73e226b0a3, type: 2}
    - target: {fileID: 2300008, guid: b75ce701dc7f3224f8cd3faa608b530d, type: 3}
      propertyPath: m_Materials.Array.data[0]
      value: 
      objectReference: {fileID: 2100000, guid: cde19fb6249580b42a309e73e226b0a3, type: 2}
    - target: {fileID: 2300010, guid: b75ce701dc7f3224f8cd3faa608b530d, type: 3}
      propertyPath: m_Materials.Array.data[0]
      value: 
      objectReference: {fileID: 2100000, guid: cde19fb6249580b42a309e73e226b0a3, type: 2}
    - target: {fileID: 2300012, guid: b75ce701dc7f3224f8cd3faa608b530d, type: 3}
      propertyPath: m_Materials.Array.data[0]
      value: 
      objectReference: {fileID: 2100000, guid: cde19fb6249580b42a309e73e226b0a3, type: 2}
    - target: {fileID: 2300014, guid: b75ce701dc7f3224f8cd3faa608b530d, type: 3}
      propertyPath: m_Materials.Array.data[0]
      value: 
      objectReference: {fileID: 2100000, guid: cde19fb6249580b42a309e73e226b0a3, type: 2}
    - target: {fileID: 100002, guid: b75ce701dc7f3224f8cd3faa608b530d, type: 3}
      propertyPath: m_IsActive
      value: 0
      objectReference: {fileID: 0}
    - target: {fileID: 100000, guid: b75ce701dc7f3224f8cd3faa608b530d, type: 3}
      propertyPath: m_Name
      value: bg (3)
      objectReference: {fileID: 0}
    m_RemovedComponents: []
  m_ParentPrefab: {fileID: 100100000, guid: b75ce701dc7f3224f8cd3faa608b530d, type: 3}
  m_IsPrefabParent: 0
--- !u!1001 &418986543
Prefab:
  m_ObjectHideFlags: 0
  serializedVersion: 2
  m_Modification:
    m_TransformParent: {fileID: 0}
    m_Modifications:
    - target: {fileID: 400000, guid: 686198f8b042bcc458694eb93474f982, type: 3}
      propertyPath: m_LocalPosition.x
      value: -8.36
      objectReference: {fileID: 0}
    - target: {fileID: 400000, guid: 686198f8b042bcc458694eb93474f982, type: 3}
      propertyPath: m_LocalPosition.y
      value: 31.1
      objectReference: {fileID: 0}
    - target: {fileID: 400000, guid: 686198f8b042bcc458694eb93474f982, type: 3}
      propertyPath: m_LocalPosition.z
      value: 251.9
      objectReference: {fileID: 0}
    - target: {fileID: 400000, guid: 686198f8b042bcc458694eb93474f982, type: 3}
      propertyPath: m_LocalRotation.x
      value: 0
      objectReference: {fileID: 0}
    - target: {fileID: 400000, guid: 686198f8b042bcc458694eb93474f982, type: 3}
      propertyPath: m_LocalRotation.y
      value: 0
      objectReference: {fileID: 0}
    - target: {fileID: 400000, guid: 686198f8b042bcc458694eb93474f982, type: 3}
      propertyPath: m_LocalRotation.z
      value: 0
      objectReference: {fileID: 0}
    - target: {fileID: 400000, guid: 686198f8b042bcc458694eb93474f982, type: 3}
      propertyPath: m_LocalRotation.w
      value: 1
      objectReference: {fileID: 0}
    - target: {fileID: 400000, guid: 686198f8b042bcc458694eb93474f982, type: 3}
      propertyPath: m_RootOrder
      value: 17
      objectReference: {fileID: 0}
    - target: {fileID: 400000, guid: 686198f8b042bcc458694eb93474f982, type: 3}
      propertyPath: m_LocalScale.x
      value: 1
      objectReference: {fileID: 0}
    - target: {fileID: 400000, guid: 686198f8b042bcc458694eb93474f982, type: 3}
      propertyPath: m_LocalScale.y
      value: 1
      objectReference: {fileID: 0}
    - target: {fileID: 400000, guid: 686198f8b042bcc458694eb93474f982, type: 3}
      propertyPath: m_LocalScale.z
      value: 1
      objectReference: {fileID: 0}
    - target: {fileID: 100000, guid: 686198f8b042bcc458694eb93474f982, type: 3}
      propertyPath: m_Layer
      value: 8
      objectReference: {fileID: 0}
    m_RemovedComponents:
    - {fileID: 9500000, guid: 686198f8b042bcc458694eb93474f982, type: 3}
  m_ParentPrefab: {fileID: 100100000, guid: 686198f8b042bcc458694eb93474f982, type: 3}
  m_IsPrefabParent: 0
--- !u!1001 &432924526
Prefab:
  m_ObjectHideFlags: 0
  serializedVersion: 2
  m_Modification:
    m_TransformParent: {fileID: 0}
    m_Modifications:
    - target: {fileID: 400218, guid: f4784d7d9e740304891bacf8136f0aa7, type: 3}
      propertyPath: m_LocalPosition.x
      value: 0
      objectReference: {fileID: 0}
    - target: {fileID: 400218, guid: f4784d7d9e740304891bacf8136f0aa7, type: 3}
      propertyPath: m_LocalPosition.y
      value: 0
      objectReference: {fileID: 0}
    - target: {fileID: 400218, guid: f4784d7d9e740304891bacf8136f0aa7, type: 3}
      propertyPath: m_LocalPosition.z
      value: 0
      objectReference: {fileID: 0}
    - target: {fileID: 400218, guid: f4784d7d9e740304891bacf8136f0aa7, type: 3}
      propertyPath: m_LocalRotation.x
      value: 0
      objectReference: {fileID: 0}
    - target: {fileID: 400218, guid: f4784d7d9e740304891bacf8136f0aa7, type: 3}
      propertyPath: m_LocalRotation.y
      value: 0
      objectReference: {fileID: 0}
    - target: {fileID: 400218, guid: f4784d7d9e740304891bacf8136f0aa7, type: 3}
      propertyPath: m_LocalRotation.z
      value: 0
      objectReference: {fileID: 0}
    - target: {fileID: 400218, guid: f4784d7d9e740304891bacf8136f0aa7, type: 3}
      propertyPath: m_LocalRotation.w
      value: 1
      objectReference: {fileID: 0}
    - target: {fileID: 400218, guid: f4784d7d9e740304891bacf8136f0aa7, type: 3}
      propertyPath: m_RootOrder
      value: 10
      objectReference: {fileID: 0}
    m_RemovedComponents: []
  m_ParentPrefab: {fileID: 100100000, guid: f4784d7d9e740304891bacf8136f0aa7, type: 3}
  m_IsPrefabParent: 0
--- !u!1001 &455589851
Prefab:
  m_ObjectHideFlags: 0
  serializedVersion: 2
  m_Modification:
    m_TransformParent: {fileID: 0}
    m_Modifications:
    - target: {fileID: 400000, guid: bf495eacf58e31146ab012aa89ac68da, type: 2}
      propertyPath: m_LocalPosition.x
      value: -7.23
      objectReference: {fileID: 0}
    - target: {fileID: 400000, guid: bf495eacf58e31146ab012aa89ac68da, type: 2}
      propertyPath: m_LocalPosition.y
      value: 1.19
      objectReference: {fileID: 0}
    - target: {fileID: 400000, guid: bf495eacf58e31146ab012aa89ac68da, type: 2}
      propertyPath: m_LocalPosition.z
      value: -7.02
      objectReference: {fileID: 0}
    - target: {fileID: 400000, guid: bf495eacf58e31146ab012aa89ac68da, type: 2}
      propertyPath: m_LocalRotation.x
      value: 0
      objectReference: {fileID: 0}
    - target: {fileID: 400000, guid: bf495eacf58e31146ab012aa89ac68da, type: 2}
      propertyPath: m_LocalRotation.y
      value: 0
      objectReference: {fileID: 0}
    - target: {fileID: 400000, guid: bf495eacf58e31146ab012aa89ac68da, type: 2}
      propertyPath: m_LocalRotation.z
      value: 0
      objectReference: {fileID: 0}
    - target: {fileID: 400000, guid: bf495eacf58e31146ab012aa89ac68da, type: 2}
      propertyPath: m_LocalRotation.w
      value: 1
      objectReference: {fileID: 0}
    - target: {fileID: 400000, guid: bf495eacf58e31146ab012aa89ac68da, type: 2}
      propertyPath: m_RootOrder
      value: 10
      objectReference: {fileID: 0}
    - target: {fileID: 100000, guid: bf495eacf58e31146ab012aa89ac68da, type: 2}
      propertyPath: m_Name
      value: FireComplexL
      objectReference: {fileID: 0}
    - target: {fileID: 100008, guid: bf495eacf58e31146ab012aa89ac68da, type: 2}
      propertyPath: m_Layer
      value: 10
      objectReference: {fileID: 0}
    - target: {fileID: 100010, guid: bf495eacf58e31146ab012aa89ac68da, type: 2}
      propertyPath: m_Layer
      value: 10
      objectReference: {fileID: 0}
    - target: {fileID: 100016, guid: bf495eacf58e31146ab012aa89ac68da, type: 2}
      propertyPath: m_Layer
      value: 10
      objectReference: {fileID: 0}
    - target: {fileID: 100012, guid: bf495eacf58e31146ab012aa89ac68da, type: 2}
      propertyPath: m_Layer
      value: 10
      objectReference: {fileID: 0}
    - target: {fileID: 100018, guid: bf495eacf58e31146ab012aa89ac68da, type: 2}
      propertyPath: m_Layer
      value: 10
      objectReference: {fileID: 0}
    - target: {fileID: 100014, guid: bf495eacf58e31146ab012aa89ac68da, type: 2}
      propertyPath: m_Layer
      value: 10
      objectReference: {fileID: 0}
    - target: {fileID: 100004, guid: bf495eacf58e31146ab012aa89ac68da, type: 2}
      propertyPath: m_Layer
      value: 10
      objectReference: {fileID: 0}
    - target: {fileID: 100006, guid: bf495eacf58e31146ab012aa89ac68da, type: 2}
      propertyPath: m_Layer
      value: 10
      objectReference: {fileID: 0}
    - target: {fileID: 100000, guid: bf495eacf58e31146ab012aa89ac68da, type: 2}
      propertyPath: m_Layer
      value: 10
      objectReference: {fileID: 0}
    - target: {fileID: 100008, guid: bf495eacf58e31146ab012aa89ac68da, type: 2}
      propertyPath: m_IsActive
      value: 1
      objectReference: {fileID: 0}
    m_RemovedComponents: []
  m_ParentPrefab: {fileID: 100100000, guid: bf495eacf58e31146ab012aa89ac68da, type: 2}
  m_IsPrefabParent: 0
--- !u!1 &530614702 stripped
GameObject:
  m_PrefabParentObject: {fileID: 140592, guid: 502addd0a625d41b5b967ca7b5b5f3d1, type: 2}
  m_PrefabInternal: {fileID: 1770194329}
--- !u!1 &590042725
GameObject:
  m_ObjectHideFlags: 0
  m_PrefabParentObject: {fileID: 0}
  m_PrefabInternal: {fileID: 0}
  serializedVersion: 4
  m_Component:
  - 224: {fileID: 590042726}
  - 222: {fileID: 590042728}
  - 114: {fileID: 590042727}
  m_Layer: 0
  m_Name: Panel
  m_TagString: Untagged
  m_Icon: {fileID: 0}
  m_NavMeshLayer: 0
  m_StaticEditorFlags: 0
  m_IsActive: 1
--- !u!224 &590042726
RectTransform:
  m_ObjectHideFlags: 0
  m_PrefabParentObject: {fileID: 0}
  m_PrefabInternal: {fileID: 0}
  m_GameObject: {fileID: 590042725}
  m_LocalRotation: {x: 0, y: 0, z: 0, w: 1}
  m_LocalPosition: {x: 0, y: 0, z: 0}
  m_LocalScale: {x: 1.08, y: 1.08, z: 1.08}
  m_Children: []
  m_Father: {fileID: 1428714283}
  m_RootOrder: 0
  m_AnchorMin: {x: 0, y: 0}
  m_AnchorMax: {x: 1, y: 1}
  m_AnchoredPosition: {x: 0, y: 41.36}
  m_SizeDelta: {x: -38, y: 23.400024}
  m_Pivot: {x: 0.5, y: 0.5}
--- !u!114 &590042727
MonoBehaviour:
  m_ObjectHideFlags: 0
  m_PrefabParentObject: {fileID: 0}
  m_PrefabInternal: {fileID: 0}
  m_GameObject: {fileID: 590042725}
  m_Enabled: 1
  m_EditorHideFlags: 0
  m_Script: {fileID: -765806418, guid: f5f67c52d1564df4a8936ccd202a3bd8, type: 3}
  m_Name: 
  m_EditorClassIdentifier: 
  m_Material: {fileID: 0}
  m_Color: {r: 1, g: 1, b: 1, a: 1}
  m_RaycastTarget: 0
  m_OnCullStateChanged:
    m_PersistentCalls:
      m_Calls: []
    m_TypeName: UnityEngine.UI.MaskableGraphic+CullStateChangedEvent, UnityEngine.UI,
      Version=1.0.0.0, Culture=neutral, PublicKeyToken=null
  m_Sprite: {fileID: 21300000, guid: e9ed75d923077b34090eec09d200f947, type: 3}
  m_Type: 0
  m_PreserveAspect: 0
  m_FillCenter: 1
  m_FillMethod: 4
  m_FillAmount: 1
  m_FillClockwise: 1
  m_FillOrigin: 0
--- !u!222 &590042728
CanvasRenderer:
  m_ObjectHideFlags: 0
  m_PrefabParentObject: {fileID: 0}
  m_PrefabInternal: {fileID: 0}
  m_GameObject: {fileID: 590042725}
--- !u!1001 &706672230
Prefab:
  m_ObjectHideFlags: 0
  serializedVersion: 2
  m_Modification:
    m_TransformParent: {fileID: 0}
    m_Modifications:
    - target: {fileID: 400000, guid: b75ce701dc7f3224f8cd3faa608b530d, type: 3}
      propertyPath: m_LocalPosition.x
      value: 386.8
      objectReference: {fileID: 0}
    - target: {fileID: 400000, guid: b75ce701dc7f3224f8cd3faa608b530d, type: 3}
      propertyPath: m_LocalPosition.y
      value: 0
      objectReference: {fileID: 0}
    - target: {fileID: 400000, guid: b75ce701dc7f3224f8cd3faa608b530d, type: 3}
      propertyPath: m_LocalPosition.z
      value: 10.7
      objectReference: {fileID: 0}
    - target: {fileID: 400000, guid: b75ce701dc7f3224f8cd3faa608b530d, type: 3}
      propertyPath: m_LocalRotation.x
      value: 0
      objectReference: {fileID: 0}
    - target: {fileID: 400000, guid: b75ce701dc7f3224f8cd3faa608b530d, type: 3}
      propertyPath: m_LocalRotation.y
      value: 0
      objectReference: {fileID: 0}
    - target: {fileID: 400000, guid: b75ce701dc7f3224f8cd3faa608b530d, type: 3}
      propertyPath: m_LocalRotation.z
      value: 0
      objectReference: {fileID: 0}
    - target: {fileID: 400000, guid: b75ce701dc7f3224f8cd3faa608b530d, type: 3}
      propertyPath: m_LocalRotation.w
      value: 1
      objectReference: {fileID: 0}
    - target: {fileID: 400000, guid: b75ce701dc7f3224f8cd3faa608b530d, type: 3}
      propertyPath: m_RootOrder
      value: 22
      objectReference: {fileID: 0}
    - target: {fileID: 400002, guid: b75ce701dc7f3224f8cd3faa608b530d, type: 3}
      propertyPath: m_LocalScale.x
      value: 2.8328004
      objectReference: {fileID: 0}
    - target: {fileID: 400002, guid: b75ce701dc7f3224f8cd3faa608b530d, type: 3}
      propertyPath: m_LocalScale.y
      value: 3.0274608
      objectReference: {fileID: 0}
    - target: {fileID: 400002, guid: b75ce701dc7f3224f8cd3faa608b530d, type: 3}
      propertyPath: m_LocalPosition.y
      value: 56.3
      objectReference: {fileID: 0}
    - target: {fileID: 2300002, guid: b75ce701dc7f3224f8cd3faa608b530d, type: 3}
      propertyPath: m_Materials.Array.data[0]
      value: 
      objectReference: {fileID: 2100000, guid: cde19fb6249580b42a309e73e226b0a3, type: 2}
    - target: {fileID: 2300004, guid: b75ce701dc7f3224f8cd3faa608b530d, type: 3}
      propertyPath: m_Materials.Array.data[0]
      value: 
      objectReference: {fileID: 2100000, guid: cde19fb6249580b42a309e73e226b0a3, type: 2}
    - target: {fileID: 2300006, guid: b75ce701dc7f3224f8cd3faa608b530d, type: 3}
      propertyPath: m_Materials.Array.data[0]
      value: 
      objectReference: {fileID: 2100000, guid: cde19fb6249580b42a309e73e226b0a3, type: 2}
    - target: {fileID: 2300008, guid: b75ce701dc7f3224f8cd3faa608b530d, type: 3}
      propertyPath: m_Materials.Array.data[0]
      value: 
      objectReference: {fileID: 2100000, guid: cde19fb6249580b42a309e73e226b0a3, type: 2}
    - target: {fileID: 2300010, guid: b75ce701dc7f3224f8cd3faa608b530d, type: 3}
      propertyPath: m_Materials.Array.data[0]
      value: 
      objectReference: {fileID: 2100000, guid: cde19fb6249580b42a309e73e226b0a3, type: 2}
    - target: {fileID: 2300012, guid: b75ce701dc7f3224f8cd3faa608b530d, type: 3}
      propertyPath: m_Materials.Array.data[0]
      value: 
      objectReference: {fileID: 2100000, guid: cde19fb6249580b42a309e73e226b0a3, type: 2}
    - target: {fileID: 2300014, guid: b75ce701dc7f3224f8cd3faa608b530d, type: 3}
      propertyPath: m_Materials.Array.data[0]
      value: 
      objectReference: {fileID: 2100000, guid: cde19fb6249580b42a309e73e226b0a3, type: 2}
    - target: {fileID: 100002, guid: b75ce701dc7f3224f8cd3faa608b530d, type: 3}
      propertyPath: m_IsActive
      value: 0
      objectReference: {fileID: 0}
    - target: {fileID: 100000, guid: b75ce701dc7f3224f8cd3faa608b530d, type: 3}
      propertyPath: m_Name
      value: bg (2)
      objectReference: {fileID: 0}
    m_RemovedComponents: []
  m_ParentPrefab: {fileID: 100100000, guid: b75ce701dc7f3224f8cd3faa608b530d, type: 3}
  m_IsPrefabParent: 0
--- !u!114 &724606641 stripped
MonoBehaviour:
  m_PrefabParentObject: {fileID: 11458676, guid: 6361e0ada22c34308acc8a9a63008b34,
    type: 2}
  m_PrefabInternal: {fileID: 884810297}
  m_Script: {fileID: 11500000, guid: edf8ae1779bc9466a822460a6e6eefa3, type: 3}
--- !u!1001 &726983093
Prefab:
  m_ObjectHideFlags: 0
  serializedVersion: 2
  m_Modification:
    m_TransformParent: {fileID: 0}
    m_Modifications:
    - target: {fileID: 400000, guid: f6a96fdac01013e45b7ce4ba2b80f426, type: 3}
      propertyPath: m_LocalPosition.x
      value: 0
      objectReference: {fileID: 0}
    - target: {fileID: 400000, guid: f6a96fdac01013e45b7ce4ba2b80f426, type: 3}
      propertyPath: m_LocalPosition.y
      value: 21.6
      objectReference: {fileID: 0}
    - target: {fileID: 400000, guid: f6a96fdac01013e45b7ce4ba2b80f426, type: 3}
      propertyPath: m_LocalPosition.z
      value: 282.7
      objectReference: {fileID: 0}
    - target: {fileID: 400000, guid: f6a96fdac01013e45b7ce4ba2b80f426, type: 3}
      propertyPath: m_LocalRotation.x
      value: 1
      objectReference: {fileID: 0}
    - target: {fileID: 400000, guid: f6a96fdac01013e45b7ce4ba2b80f426, type: 3}
      propertyPath: m_LocalRotation.y
      value: -0
      objectReference: {fileID: 0}
    - target: {fileID: 400000, guid: f6a96fdac01013e45b7ce4ba2b80f426, type: 3}
      propertyPath: m_LocalRotation.z
      value: 0
      objectReference: {fileID: 0}
    - target: {fileID: 400000, guid: f6a96fdac01013e45b7ce4ba2b80f426, type: 3}
      propertyPath: m_LocalRotation.w
      value: 0.000000021855694
      objectReference: {fileID: 0}
    - target: {fileID: 400000, guid: f6a96fdac01013e45b7ce4ba2b80f426, type: 3}
      propertyPath: m_RootOrder
      value: 15
      objectReference: {fileID: 0}
    - target: {fileID: 400000, guid: f6a96fdac01013e45b7ce4ba2b80f426, type: 3}
      propertyPath: m_LocalScale.x
      value: 1.460581
      objectReference: {fileID: 0}
    - target: {fileID: 400000, guid: f6a96fdac01013e45b7ce4ba2b80f426, type: 3}
      propertyPath: m_LocalScale.y
      value: 1.4605806
      objectReference: {fileID: 0}
    - target: {fileID: 400000, guid: f6a96fdac01013e45b7ce4ba2b80f426, type: 3}
      propertyPath: m_LocalScale.z
      value: 1.4605806
      objectReference: {fileID: 0}
    - target: {fileID: 100000, guid: f6a96fdac01013e45b7ce4ba2b80f426, type: 3}
      propertyPath: m_IsActive
      value: 0
      objectReference: {fileID: 0}
    m_RemovedComponents: []
  m_ParentPrefab: {fileID: 100100000, guid: f6a96fdac01013e45b7ce4ba2b80f426, type: 3}
  m_IsPrefabParent: 0
--- !u!1 &843986050
GameObject:
  m_ObjectHideFlags: 0
  m_PrefabParentObject: {fileID: 0}
  m_PrefabInternal: {fileID: 0}
  serializedVersion: 4
  m_Component:
  - 4: {fileID: 843986052}
  - 61: {fileID: 843986051}
  m_Layer: 0
  m_Name: Floor
  m_TagString: Untagged
  m_Icon: {fileID: 0}
  m_NavMeshLayer: 0
  m_StaticEditorFlags: 0
  m_IsActive: 1
--- !u!61 &843986051
BoxCollider2D:
  m_ObjectHideFlags: 0
  m_PrefabParentObject: {fileID: 0}
  m_PrefabInternal: {fileID: 0}
  m_GameObject: {fileID: 843986050}
  m_Enabled: 1
  m_Density: 1
  m_Material: {fileID: 0}
  m_IsTrigger: 0
  m_UsedByEffector: 0
  m_Offset: {x: 0, y: 0}
  serializedVersion: 2
  m_Size: {x: 16.71, y: 1}
--- !u!4 &843986052
Transform:
  m_ObjectHideFlags: 0
  m_PrefabParentObject: {fileID: 0}
  m_PrefabInternal: {fileID: 0}
  m_GameObject: {fileID: 843986050}
  m_LocalRotation: {x: 0, y: 0, z: 0, w: 1}
  m_LocalPosition: {x: 0, y: -0.48, z: 0}
  m_LocalScale: {x: 1, y: 1, z: 1}
  m_Children: []
  m_Father: {fileID: 0}
  m_RootOrder: 5
--- !u!20 &852808460 stripped
Camera:
  m_PrefabParentObject: {fileID: 2024910, guid: 752f6b2c552f94c8193c9da7af9fe4ed,
    type: 2}
  m_PrefabInternal: {fileID: 303559187}
--- !u!1001 &884810297
Prefab:
  m_ObjectHideFlags: 0
  serializedVersion: 2
  m_Modification:
    m_TransformParent: {fileID: 0}
    m_Modifications:
    - target: {fileID: 450446, guid: 6361e0ada22c34308acc8a9a63008b34, type: 2}
      propertyPath: m_LocalPosition.x
      value: 0
      objectReference: {fileID: 0}
    - target: {fileID: 450446, guid: 6361e0ada22c34308acc8a9a63008b34, type: 2}
      propertyPath: m_LocalPosition.y
      value: 5.8
      objectReference: {fileID: 0}
    - target: {fileID: 450446, guid: 6361e0ada22c34308acc8a9a63008b34, type: 2}
      propertyPath: m_LocalPosition.z
      value: 6.93
      objectReference: {fileID: 0}
    - target: {fileID: 450446, guid: 6361e0ada22c34308acc8a9a63008b34, type: 2}
      propertyPath: m_LocalRotation.x
      value: -0.035428952
      objectReference: {fileID: 0}
    - target: {fileID: 450446, guid: 6361e0ada22c34308acc8a9a63008b34, type: 2}
      propertyPath: m_LocalRotation.y
      value: 0
      objectReference: {fileID: 0}
    - target: {fileID: 450446, guid: 6361e0ada22c34308acc8a9a63008b34, type: 2}
      propertyPath: m_LocalRotation.z
      value: 0
      objectReference: {fileID: 0}
    - target: {fileID: 450446, guid: 6361e0ada22c34308acc8a9a63008b34, type: 2}
      propertyPath: m_LocalRotation.w
      value: 0.9993722
      objectReference: {fileID: 0}
    - target: {fileID: 450446, guid: 6361e0ada22c34308acc8a9a63008b34, type: 2}
      propertyPath: m_RootOrder
      value: 6
      objectReference: {fileID: 0}
    - target: {fileID: 11458676, guid: 6361e0ada22c34308acc8a9a63008b34, type: 2}
      propertyPath: HUDInGame
      value: 
      objectReference: {fileID: 1365022962}
    - target: {fileID: 11458676, guid: 6361e0ada22c34308acc8a9a63008b34, type: 2}
      propertyPath: HUDMainMenu
      value: 
      objectReference: {fileID: 1365022961}
    - target: {fileID: 11458676, guid: 6361e0ada22c34308acc8a9a63008b34, type: 2}
      propertyPath: HUDCredits
      value: 
      objectReference: {fileID: 1365022960}
    m_RemovedComponents: []
  m_ParentPrefab: {fileID: 100100000, guid: 6361e0ada22c34308acc8a9a63008b34, type: 2}
  m_IsPrefabParent: 0
--- !u!1 &951890238
GameObject:
  m_ObjectHideFlags: 0
  m_PrefabParentObject: {fileID: 0}
  m_PrefabInternal: {fileID: 0}
  serializedVersion: 4
  m_Component:
  - 4: {fileID: 951890240}
  - 61: {fileID: 951890239}
  m_Layer: 0
  m_Name: 2D CollPlane
  m_TagString: Finish
  m_Icon: {fileID: 0}
  m_NavMeshLayer: 0
  m_StaticEditorFlags: 0
  m_IsActive: 1
--- !u!61 &951890239
BoxCollider2D:
  m_ObjectHideFlags: 0
  m_PrefabParentObject: {fileID: 0}
  m_PrefabInternal: {fileID: 0}
  m_GameObject: {fileID: 951890238}
  m_Enabled: 1
  m_Density: 1
  m_Material: {fileID: 0}
  m_IsTrigger: 0
  m_UsedByEffector: 0
  m_Offset: {x: 0, y: 0}
  serializedVersion: 2
  m_Size: {x: 10.96, y: 1}
--- !u!4 &951890240
Transform:
  m_ObjectHideFlags: 0
  m_PrefabParentObject: {fileID: 0}
  m_PrefabInternal: {fileID: 0}
  m_GameObject: {fileID: 951890238}
  m_LocalRotation: {x: 0, y: 0, z: 0, w: 1}
  m_LocalPosition: {x: 0, y: -0.8, z: 0}
  m_LocalScale: {x: 1.5, y: 1.5, z: 1.5}
  m_Children: []
  m_Father: {fileID: 0}
  m_RootOrder: 18
--- !u!1 &1070747295
GameObject:
  m_ObjectHideFlags: 0
  m_PrefabParentObject: {fileID: 0}
  m_PrefabInternal: {fileID: 0}
  serializedVersion: 4
  m_Component:
  - 4: {fileID: 1070747296}
  - 108: {fileID: 1070747297}
  m_Layer: 0
  m_Name: Point light
  m_TagString: Untagged
  m_Icon: {fileID: 0}
  m_NavMeshLayer: 0
  m_StaticEditorFlags: 0
  m_IsActive: 1
--- !u!4 &1070747296
Transform:
  m_ObjectHideFlags: 0
  m_PrefabParentObject: {fileID: 0}
  m_PrefabInternal: {fileID: 0}
  m_GameObject: {fileID: 1070747295}
  m_LocalRotation: {x: 0.06812702, y: 0.9943951, z: -0.07992733, w: -0.012200244}
  m_LocalPosition: {x: -1.7, y: 27.1, z: 259.6}
  m_LocalScale: {x: 1, y: 1, z: 1}
  m_Children: []
  m_Father: {fileID: 0}
  m_RootOrder: 20
--- !u!108 &1070747297
Light:
  m_ObjectHideFlags: 0
  m_PrefabParentObject: {fileID: 0}
  m_PrefabInternal: {fileID: 0}
  m_GameObject: {fileID: 1070747295}
  m_Enabled: 0
  serializedVersion: 6
  m_Type: 1
  m_Color: {r: 1, g: 1, b: 1, a: 1}
  m_Intensity: 0.83
  m_Range: 1000
  m_SpotAngle: 30
  m_CookieSize: 5.26
  m_Shadows:
    m_Type: 0
    m_Resolution: -1
    m_Strength: 1
    m_Bias: 0.05
    m_NormalBias: 0.4
    m_NearPlane: 0.2
  m_Cookie: {fileID: 0}
  m_DrawHalo: 0
  m_Flare: {fileID: 0}
  m_RenderMode: 0
  m_CullingMask:
    serializedVersion: 2
    m_Bits: 4294967295
  m_Lightmapping: 4
  m_BounceIntensity: 0
  m_ShadowRadius: 0
  m_ShadowAngle: 0
  m_AreaSize: {x: 1, y: 1}
--- !u!1 &1162720576
GameObject:
  m_ObjectHideFlags: 0
  m_PrefabParentObject: {fileID: 0}
  m_PrefabInternal: {fileID: 0}
  serializedVersion: 4
  m_Component:
  - 4: {fileID: 1162720578}
  - 108: {fileID: 1162720577}
  m_Layer: 8
  m_Name: Directional light
  m_TagString: Untagged
  m_Icon: {fileID: 0}
  m_NavMeshLayer: 0
  m_StaticEditorFlags: 0
  m_IsActive: 1
--- !u!108 &1162720577
Light:
  m_ObjectHideFlags: 0
  m_PrefabParentObject: {fileID: 0}
  m_PrefabInternal: {fileID: 0}
  m_GameObject: {fileID: 1162720576}
  m_Enabled: 1
  serializedVersion: 6
  m_Type: 1
  m_Color: {r: 0.59331745, g: 0.6746704, b: 0.86764705, a: 1}
  m_Intensity: 1.92
  m_Range: 10
  m_SpotAngle: 30
  m_CookieSize: 10
  m_Shadows:
    m_Type: 0
    m_Resolution: -1
    m_Strength: 1
    m_Bias: 0.05
    m_NormalBias: 0.4
    m_NearPlane: 0.2
  m_Cookie: {fileID: 0}
  m_DrawHalo: 0
  m_Flare: {fileID: 0}
  m_RenderMode: 0
  m_CullingMask:
    serializedVersion: 2
    m_Bits: 512
  m_Lightmapping: 4
  m_BounceIntensity: 0
  m_ShadowRadius: 0
  m_ShadowAngle: 0
  m_AreaSize: {x: 1, y: 1}
--- !u!4 &1162720578
Transform:
  m_ObjectHideFlags: 0
  m_PrefabParentObject: {fileID: 0}
  m_PrefabInternal: {fileID: 0}
  m_GameObject: {fileID: 1162720576}
  m_LocalRotation: {x: 0.052009936, y: 0.9368809, z: -0.34505174, w: 0.022102255}
  m_LocalPosition: {x: -5.76, y: 2.73, z: 5.87}
  m_LocalScale: {x: 1, y: 1, z: 1}
  m_Children: []
  m_Father: {fileID: 0}
  m_RootOrder: 19
--- !u!1001 &1171901589
Prefab:
  m_ObjectHideFlags: 0
  serializedVersion: 2
  m_Modification:
    m_TransformParent: {fileID: 0}
    m_Modifications:
    - target: {fileID: 400000, guid: b75ce701dc7f3224f8cd3faa608b530d, type: 3}
      propertyPath: m_LocalPosition.x
      value: 190.9
      objectReference: {fileID: 0}
    - target: {fileID: 400000, guid: b75ce701dc7f3224f8cd3faa608b530d, type: 3}
      propertyPath: m_LocalPosition.y
      value: 0
      objectReference: {fileID: 0}
    - target: {fileID: 400000, guid: b75ce701dc7f3224f8cd3faa608b530d, type: 3}
      propertyPath: m_LocalPosition.z
      value: 4.7
      objectReference: {fileID: 0}
    - target: {fileID: 400000, guid: b75ce701dc7f3224f8cd3faa608b530d, type: 3}
      propertyPath: m_LocalRotation.x
      value: 0
      objectReference: {fileID: 0}
    - target: {fileID: 400000, guid: b75ce701dc7f3224f8cd3faa608b530d, type: 3}
      propertyPath: m_LocalRotation.y
      value: 0
      objectReference: {fileID: 0}
    - target: {fileID: 400000, guid: b75ce701dc7f3224f8cd3faa608b530d, type: 3}
      propertyPath: m_LocalRotation.z
      value: 0
      objectReference: {fileID: 0}
    - target: {fileID: 400000, guid: b75ce701dc7f3224f8cd3faa608b530d, type: 3}
      propertyPath: m_LocalRotation.w
      value: 1
      objectReference: {fileID: 0}
    - target: {fileID: 400000, guid: b75ce701dc7f3224f8cd3faa608b530d, type: 3}
      propertyPath: m_RootOrder
      value: 21
      objectReference: {fileID: 0}
    - target: {fileID: 400002, guid: b75ce701dc7f3224f8cd3faa608b530d, type: 3}
      propertyPath: m_LocalScale.x
      value: 2.8328004
      objectReference: {fileID: 0}
    - target: {fileID: 400002, guid: b75ce701dc7f3224f8cd3faa608b530d, type: 3}
      propertyPath: m_LocalScale.y
      value: 3.0274608
      objectReference: {fileID: 0}
    - target: {fileID: 400002, guid: b75ce701dc7f3224f8cd3faa608b530d, type: 3}
      propertyPath: m_LocalPosition.y
      value: 56.3
      objectReference: {fileID: 0}
    - target: {fileID: 2300002, guid: b75ce701dc7f3224f8cd3faa608b530d, type: 3}
      propertyPath: m_Materials.Array.data[0]
      value: 
      objectReference: {fileID: 2100000, guid: cde19fb6249580b42a309e73e226b0a3, type: 2}
    - target: {fileID: 2300004, guid: b75ce701dc7f3224f8cd3faa608b530d, type: 3}
      propertyPath: m_Materials.Array.data[0]
      value: 
      objectReference: {fileID: 2100000, guid: cde19fb6249580b42a309e73e226b0a3, type: 2}
    - target: {fileID: 2300006, guid: b75ce701dc7f3224f8cd3faa608b530d, type: 3}
      propertyPath: m_Materials.Array.data[0]
      value: 
      objectReference: {fileID: 2100000, guid: cde19fb6249580b42a309e73e226b0a3, type: 2}
    - target: {fileID: 2300008, guid: b75ce701dc7f3224f8cd3faa608b530d, type: 3}
      propertyPath: m_Materials.Array.data[0]
      value: 
      objectReference: {fileID: 2100000, guid: cde19fb6249580b42a309e73e226b0a3, type: 2}
    - target: {fileID: 2300010, guid: b75ce701dc7f3224f8cd3faa608b530d, type: 3}
      propertyPath: m_Materials.Array.data[0]
      value: 
      objectReference: {fileID: 2100000, guid: cde19fb6249580b42a309e73e226b0a3, type: 2}
    - target: {fileID: 2300012, guid: b75ce701dc7f3224f8cd3faa608b530d, type: 3}
      propertyPath: m_Materials.Array.data[0]
      value: 
      objectReference: {fileID: 2100000, guid: cde19fb6249580b42a309e73e226b0a3, type: 2}
    - target: {fileID: 2300014, guid: b75ce701dc7f3224f8cd3faa608b530d, type: 3}
      propertyPath: m_Materials.Array.data[0]
      value: 
      objectReference: {fileID: 2100000, guid: cde19fb6249580b42a309e73e226b0a3, type: 2}
    - target: {fileID: 100002, guid: b75ce701dc7f3224f8cd3faa608b530d, type: 3}
      propertyPath: m_IsActive
      value: 0
      objectReference: {fileID: 0}
    - target: {fileID: 100000, guid: b75ce701dc7f3224f8cd3faa608b530d, type: 3}
      propertyPath: m_Name
      value: bg (1)
      objectReference: {fileID: 0}
    m_RemovedComponents: []
  m_ParentPrefab: {fileID: 100100000, guid: b75ce701dc7f3224f8cd3faa608b530d, type: 3}
  m_IsPrefabParent: 0
--- !u!1001 &1303682936
Prefab:
  m_ObjectHideFlags: 0
  serializedVersion: 2
  m_Modification:
    m_TransformParent: {fileID: 0}
    m_Modifications:
    - target: {fileID: 400006, guid: c9d7e9df65733164684e389030ccb84b, type: 3}
      propertyPath: m_LocalPosition.x
      value: 0
      objectReference: {fileID: 0}
    - target: {fileID: 400006, guid: c9d7e9df65733164684e389030ccb84b, type: 3}
      propertyPath: m_LocalPosition.y
      value: 0
      objectReference: {fileID: 0}
    - target: {fileID: 400006, guid: c9d7e9df65733164684e389030ccb84b, type: 3}
      propertyPath: m_LocalPosition.z
      value: 0
      objectReference: {fileID: 0}
    - target: {fileID: 400006, guid: c9d7e9df65733164684e389030ccb84b, type: 3}
      propertyPath: m_LocalRotation.x
      value: 0
      objectReference: {fileID: 0}
    - target: {fileID: 400006, guid: c9d7e9df65733164684e389030ccb84b, type: 3}
      propertyPath: m_LocalRotation.y
      value: 0
      objectReference: {fileID: 0}
    - target: {fileID: 400006, guid: c9d7e9df65733164684e389030ccb84b, type: 3}
      propertyPath: m_LocalRotation.z
      value: 0
      objectReference: {fileID: 0}
    - target: {fileID: 400006, guid: c9d7e9df65733164684e389030ccb84b, type: 3}
      propertyPath: m_LocalRotation.w
      value: 1
      objectReference: {fileID: 0}
    - target: {fileID: 400006, guid: c9d7e9df65733164684e389030ccb84b, type: 3}
      propertyPath: m_RootOrder
      value: 11
      objectReference: {fileID: 0}
    m_RemovedComponents: []
  m_ParentPrefab: {fileID: 100100000, guid: c9d7e9df65733164684e389030ccb84b, type: 3}
  m_IsPrefabParent: 0
--- !u!1001 &1355006281
Prefab:
  m_ObjectHideFlags: 0
  serializedVersion: 2
  m_Modification:
    m_TransformParent: {fileID: 0}
    m_Modifications:
    - target: {fileID: 400006, guid: c9d7e9df65733164684e389030ccb84b, type: 3}
      propertyPath: m_LocalPosition.x
      value: -163.5
      objectReference: {fileID: 0}
    - target: {fileID: 400006, guid: c9d7e9df65733164684e389030ccb84b, type: 3}
      propertyPath: m_LocalPosition.y
      value: 0
      objectReference: {fileID: 0}
    - target: {fileID: 400006, guid: c9d7e9df65733164684e389030ccb84b, type: 3}
      propertyPath: m_LocalPosition.z
      value: 0
      objectReference: {fileID: 0}
    - target: {fileID: 400006, guid: c9d7e9df65733164684e389030ccb84b, type: 3}
      propertyPath: m_LocalRotation.x
      value: 0
      objectReference: {fileID: 0}
    - target: {fileID: 400006, guid: c9d7e9df65733164684e389030ccb84b, type: 3}
      propertyPath: m_LocalRotation.y
      value: 0
      objectReference: {fileID: 0}
    - target: {fileID: 400006, guid: c9d7e9df65733164684e389030ccb84b, type: 3}
      propertyPath: m_LocalRotation.z
      value: 0
      objectReference: {fileID: 0}
    - target: {fileID: 400006, guid: c9d7e9df65733164684e389030ccb84b, type: 3}
      propertyPath: m_LocalRotation.w
      value: 1
      objectReference: {fileID: 0}
    - target: {fileID: 400006, guid: c9d7e9df65733164684e389030ccb84b, type: 3}
      propertyPath: m_RootOrder
      value: 27
      objectReference: {fileID: 0}
    - target: {fileID: 100006, guid: c9d7e9df65733164684e389030ccb84b, type: 3}
      propertyPath: m_Name
      value: pyramids (3)
      objectReference: {fileID: 0}
    m_RemovedComponents: []
  m_ParentPrefab: {fileID: 100100000, guid: c9d7e9df65733164684e389030ccb84b, type: 3}
  m_IsPrefabParent: 0
--- !u!1 &1365022960 stripped
GameObject:
  m_PrefabParentObject: {fileID: 199978, guid: 502addd0a625d41b5b967ca7b5b5f3d1, type: 2}
  m_PrefabInternal: {fileID: 1770194329}
--- !u!1 &1365022961 stripped
GameObject:
  m_PrefabParentObject: {fileID: 185234, guid: 502addd0a625d41b5b967ca7b5b5f3d1, type: 2}
  m_PrefabInternal: {fileID: 1770194329}
--- !u!1 &1365022962 stripped
GameObject:
  m_PrefabParentObject: {fileID: 186684, guid: 502addd0a625d41b5b967ca7b5b5f3d1, type: 2}
  m_PrefabInternal: {fileID: 1770194329}
--- !u!1 &1428714279
GameObject:
  m_ObjectHideFlags: 0
  m_PrefabParentObject: {fileID: 0}
  m_PrefabInternal: {fileID: 0}
  serializedVersion: 4
  m_Component:
  - 224: {fileID: 1428714283}
  - 223: {fileID: 1428714282}
  - 114: {fileID: 1428714281}
  - 114: {fileID: 1428714280}
  m_Layer: 0
  m_Name: Canvas
  m_TagString: Untagged
  m_Icon: {fileID: 0}
  m_NavMeshLayer: 0
  m_StaticEditorFlags: 0
  m_IsActive: 1
--- !u!114 &1428714280
MonoBehaviour:
  m_ObjectHideFlags: 0
  m_PrefabParentObject: {fileID: 0}
  m_PrefabInternal: {fileID: 0}
  m_GameObject: {fileID: 1428714279}
  m_Enabled: 1
  m_EditorHideFlags: 0
  m_Script: {fileID: 1301386320, guid: f5f67c52d1564df4a8936ccd202a3bd8, type: 3}
  m_Name: 
  m_EditorClassIdentifier: 
  m_IgnoreReversedGraphics: 1
  m_BlockingObjects: 0
  m_BlockingMask:
    serializedVersion: 2
    m_Bits: 4294967295
--- !u!114 &1428714281
MonoBehaviour:
  m_ObjectHideFlags: 0
  m_PrefabParentObject: {fileID: 0}
  m_PrefabInternal: {fileID: 0}
  m_GameObject: {fileID: 1428714279}
  m_Enabled: 1
  m_EditorHideFlags: 0
  m_Script: {fileID: 1980459831, guid: f5f67c52d1564df4a8936ccd202a3bd8, type: 3}
  m_Name: 
  m_EditorClassIdentifier: 
  m_UiScaleMode: 0
  m_ReferencePixelsPerUnit: 100
  m_ScaleFactor: 1
  m_ReferenceResolution: {x: 1280, y: 720}
  m_ScreenMatchMode: 0
  m_MatchWidthOrHeight: 0
  m_PhysicalUnit: 3
  m_FallbackScreenDPI: 96
  m_DefaultSpriteDPI: 96
  m_DynamicPixelsPerUnit: 1
--- !u!223 &1428714282
Canvas:
  m_ObjectHideFlags: 0
  m_PrefabParentObject: {fileID: 0}
  m_PrefabInternal: {fileID: 0}
  m_GameObject: {fileID: 1428714279}
  m_Enabled: 1
  serializedVersion: 2
  m_RenderMode: 1
  m_Camera: {fileID: 852808460}
  m_PlaneDistance: 1000
  m_PixelPerfect: 0
  m_ReceivesEvents: 1
  m_OverrideSorting: 0
  m_OverridePixelPerfect: 0
  m_SortingLayerID: 0
  m_SortingOrder: 0
  m_TargetDisplay: 0
--- !u!224 &1428714283
RectTransform:
  m_ObjectHideFlags: 0
  m_PrefabParentObject: {fileID: 0}
  m_PrefabInternal: {fileID: 0}
  m_GameObject: {fileID: 1428714279}
  m_LocalRotation: {x: 0, y: 0, z: 0, w: 1}
  m_LocalPosition: {x: 0, y: 0, z: 0}
  m_LocalScale: {x: 0, y: 0, z: 0}
  m_Children:
  - {fileID: 590042726}
  m_Father: {fileID: 0}
  m_RootOrder: 0
  m_AnchorMin: {x: 0, y: 0}
  m_AnchorMax: {x: 0, y: 0}
  m_AnchoredPosition: {x: 0, y: 0}
  m_SizeDelta: {x: 0, y: 0}
  m_Pivot: {x: 0, y: 0}
--- !u!1001 &1474564993
Prefab:
  m_ObjectHideFlags: 0
  serializedVersion: 2
  m_Modification:
    m_TransformParent: {fileID: 0}
    m_Modifications:
    - target: {fileID: 400000, guid: b75ce701dc7f3224f8cd3faa608b530d, type: 3}
      propertyPath: m_LocalPosition.x
      value: 0
      objectReference: {fileID: 0}
    - target: {fileID: 400000, guid: b75ce701dc7f3224f8cd3faa608b530d, type: 3}
      propertyPath: m_LocalPosition.y
      value: 0
      objectReference: {fileID: 0}
    - target: {fileID: 400000, guid: b75ce701dc7f3224f8cd3faa608b530d, type: 3}
      propertyPath: m_LocalPosition.z
      value: 0
      objectReference: {fileID: 0}
    - target: {fileID: 400000, guid: b75ce701dc7f3224f8cd3faa608b530d, type: 3}
      propertyPath: m_LocalRotation.x
      value: 0
      objectReference: {fileID: 0}
    - target: {fileID: 400000, guid: b75ce701dc7f3224f8cd3faa608b530d, type: 3}
      propertyPath: m_LocalRotation.y
      value: 0
      objectReference: {fileID: 0}
    - target: {fileID: 400000, guid: b75ce701dc7f3224f8cd3faa608b530d, type: 3}
      propertyPath: m_LocalRotation.z
      value: 0
      objectReference: {fileID: 0}
    - target: {fileID: 400000, guid: b75ce701dc7f3224f8cd3faa608b530d, type: 3}
      propertyPath: m_LocalRotation.w
      value: 1
      objectReference: {fileID: 0}
    - target: {fileID: 400000, guid: b75ce701dc7f3224f8cd3faa608b530d, type: 3}
      propertyPath: m_RootOrder
      value: 13
      objectReference: {fileID: 0}
    - target: {fileID: 400002, guid: b75ce701dc7f3224f8cd3faa608b530d, type: 3}
      propertyPath: m_LocalScale.x
      value: 2.8328004
      objectReference: {fileID: 0}
    - target: {fileID: 400002, guid: b75ce701dc7f3224f8cd3faa608b530d, type: 3}
      propertyPath: m_LocalScale.y
      value: 3.0274608
      objectReference: {fileID: 0}
    - target: {fileID: 400002, guid: b75ce701dc7f3224f8cd3faa608b530d, type: 3}
      propertyPath: m_LocalPosition.y
      value: 56.3
      objectReference: {fileID: 0}
    - target: {fileID: 2300002, guid: b75ce701dc7f3224f8cd3faa608b530d, type: 3}
      propertyPath: m_Materials.Array.data[0]
      value: 
      objectReference: {fileID: 2100000, guid: cde19fb6249580b42a309e73e226b0a3, type: 2}
    - target: {fileID: 2300004, guid: b75ce701dc7f3224f8cd3faa608b530d, type: 3}
      propertyPath: m_Materials.Array.data[0]
      value: 
      objectReference: {fileID: 2100000, guid: cde19fb6249580b42a309e73e226b0a3, type: 2}
    - target: {fileID: 2300006, guid: b75ce701dc7f3224f8cd3faa608b530d, type: 3}
      propertyPath: m_Materials.Array.data[0]
      value: 
      objectReference: {fileID: 2100000, guid: cde19fb6249580b42a309e73e226b0a3, type: 2}
    - target: {fileID: 2300008, guid: b75ce701dc7f3224f8cd3faa608b530d, type: 3}
      propertyPath: m_Materials.Array.data[0]
      value: 
      objectReference: {fileID: 2100000, guid: cde19fb6249580b42a309e73e226b0a3, type: 2}
    - target: {fileID: 2300010, guid: b75ce701dc7f3224f8cd3faa608b530d, type: 3}
      propertyPath: m_Materials.Array.data[0]
      value: 
      objectReference: {fileID: 2100000, guid: cde19fb6249580b42a309e73e226b0a3, type: 2}
    - target: {fileID: 2300012, guid: b75ce701dc7f3224f8cd3faa608b530d, type: 3}
      propertyPath: m_Materials.Array.data[0]
      value: 
      objectReference: {fileID: 2100000, guid: cde19fb6249580b42a309e73e226b0a3, type: 2}
    - target: {fileID: 2300014, guid: b75ce701dc7f3224f8cd3faa608b530d, type: 3}
      propertyPath: m_Materials.Array.data[0]
      value: 
      objectReference: {fileID: 2100000, guid: cde19fb6249580b42a309e73e226b0a3, type: 2}
    - target: {fileID: 100002, guid: b75ce701dc7f3224f8cd3faa608b530d, type: 3}
      propertyPath: m_IsActive
      value: 0
      objectReference: {fileID: 0}
    m_RemovedComponents: []
  m_ParentPrefab: {fileID: 100100000, guid: b75ce701dc7f3224f8cd3faa608b530d, type: 3}
  m_IsPrefabParent: 0
--- !u!1001 &1515689173
Prefab:
  m_ObjectHideFlags: 0
  serializedVersion: 2
  m_Modification:
    m_TransformParent: {fileID: 0}
    m_Modifications:
    - target: {fileID: 448624, guid: bb8b1ad2ba6074a538de21fe57ad3f44, type: 2}
      propertyPath: m_LocalPosition.x
      value: 0
      objectReference: {fileID: 0}
    - target: {fileID: 448624, guid: bb8b1ad2ba6074a538de21fe57ad3f44, type: 2}
      propertyPath: m_LocalPosition.y
      value: 0
      objectReference: {fileID: 0}
    - target: {fileID: 448624, guid: bb8b1ad2ba6074a538de21fe57ad3f44, type: 2}
      propertyPath: m_LocalPosition.z
      value: 0
      objectReference: {fileID: 0}
    - target: {fileID: 448624, guid: bb8b1ad2ba6074a538de21fe57ad3f44, type: 2}
      propertyPath: m_LocalRotation.x
      value: 0
      objectReference: {fileID: 0}
    - target: {fileID: 448624, guid: bb8b1ad2ba6074a538de21fe57ad3f44, type: 2}
      propertyPath: m_LocalRotation.y
      value: 0
      objectReference: {fileID: 0}
    - target: {fileID: 448624, guid: bb8b1ad2ba6074a538de21fe57ad3f44, type: 2}
      propertyPath: m_LocalRotation.z
      value: 0
      objectReference: {fileID: 0}
    - target: {fileID: 448624, guid: bb8b1ad2ba6074a538de21fe57ad3f44, type: 2}
      propertyPath: m_LocalRotation.w
      value: 1
      objectReference: {fileID: 0}
    - target: {fileID: 448624, guid: bb8b1ad2ba6074a538de21fe57ad3f44, type: 2}
      propertyPath: m_RootOrder
      value: 3
      objectReference: {fileID: 0}
    m_RemovedComponents: []
  m_ParentPrefab: {fileID: 100100000, guid: bb8b1ad2ba6074a538de21fe57ad3f44, type: 2}
  m_IsPrefabParent: 0
--- !u!1001 &1596557024
Prefab:
  m_ObjectHideFlags: 0
  serializedVersion: 2
  m_Modification:
    m_TransformParent: {fileID: 0}
    m_Modifications:
    - target: {fileID: 400006, guid: c9d7e9df65733164684e389030ccb84b, type: 3}
      propertyPath: m_LocalPosition.x
      value: -292.9
      objectReference: {fileID: 0}
    - target: {fileID: 400006, guid: c9d7e9df65733164684e389030ccb84b, type: 3}
      propertyPath: m_LocalPosition.y
      value: 0
      objectReference: {fileID: 0}
    - target: {fileID: 400006, guid: c9d7e9df65733164684e389030ccb84b, type: 3}
      propertyPath: m_LocalPosition.z
      value: 0
      objectReference: {fileID: 0}
    - target: {fileID: 400006, guid: c9d7e9df65733164684e389030ccb84b, type: 3}
      propertyPath: m_LocalRotation.x
      value: 0
      objectReference: {fileID: 0}
    - target: {fileID: 400006, guid: c9d7e9df65733164684e389030ccb84b, type: 3}
      propertyPath: m_LocalRotation.y
      value: 0
      objectReference: {fileID: 0}
    - target: {fileID: 400006, guid: c9d7e9df65733164684e389030ccb84b, type: 3}
      propertyPath: m_LocalRotation.z
      value: 0
      objectReference: {fileID: 0}
    - target: {fileID: 400006, guid: c9d7e9df65733164684e389030ccb84b, type: 3}
      propertyPath: m_LocalRotation.w
      value: 1
      objectReference: {fileID: 0}
    - target: {fileID: 400006, guid: c9d7e9df65733164684e389030ccb84b, type: 3}
      propertyPath: m_RootOrder
      value: 28
      objectReference: {fileID: 0}
    - target: {fileID: 100006, guid: c9d7e9df65733164684e389030ccb84b, type: 3}
      propertyPath: m_Name
      value: pyramids (4)
      objectReference: {fileID: 0}
    m_RemovedComponents: []
  m_ParentPrefab: {fileID: 100100000, guid: c9d7e9df65733164684e389030ccb84b, type: 3}
  m_IsPrefabParent: 0
--- !u!1001 &1605882507
Prefab:
  m_ObjectHideFlags: 0
  serializedVersion: 2
  m_Modification:
    m_TransformParent: {fileID: 0}
    m_Modifications:
    - target: {fileID: 400000, guid: b75ce701dc7f3224f8cd3faa608b530d, type: 3}
      propertyPath: m_LocalPosition.x
      value: -402.7
      objectReference: {fileID: 0}
    - target: {fileID: 400000, guid: b75ce701dc7f3224f8cd3faa608b530d, type: 3}
      propertyPath: m_LocalPosition.y
      value: 0
      objectReference: {fileID: 0}
    - target: {fileID: 400000, guid: b75ce701dc7f3224f8cd3faa608b530d, type: 3}
      propertyPath: m_LocalPosition.z
      value: 10.7
      objectReference: {fileID: 0}
    - target: {fileID: 400000, guid: b75ce701dc7f3224f8cd3faa608b530d, type: 3}
      propertyPath: m_LocalRotation.x
      value: 0
      objectReference: {fileID: 0}
    - target: {fileID: 400000, guid: b75ce701dc7f3224f8cd3faa608b530d, type: 3}
      propertyPath: m_LocalRotation.y
      value: 0
      objectReference: {fileID: 0}
    - target: {fileID: 400000, guid: b75ce701dc7f3224f8cd3faa608b530d, type: 3}
      propertyPath: m_LocalRotation.z
      value: 0
      objectReference: {fileID: 0}
    - target: {fileID: 400000, guid: b75ce701dc7f3224f8cd3faa608b530d, type: 3}
      propertyPath: m_LocalRotation.w
      value: 1
      objectReference: {fileID: 0}
    - target: {fileID: 400000, guid: b75ce701dc7f3224f8cd3faa608b530d, type: 3}
      propertyPath: m_RootOrder
      value: 24
      objectReference: {fileID: 0}
    - target: {fileID: 400002, guid: b75ce701dc7f3224f8cd3faa608b530d, type: 3}
      propertyPath: m_LocalScale.x
      value: 2.8328004
      objectReference: {fileID: 0}
    - target: {fileID: 400002, guid: b75ce701dc7f3224f8cd3faa608b530d, type: 3}
      propertyPath: m_LocalScale.y
      value: 3.0274608
      objectReference: {fileID: 0}
    - target: {fileID: 400002, guid: b75ce701dc7f3224f8cd3faa608b530d, type: 3}
      propertyPath: m_LocalPosition.y
      value: 56.3
      objectReference: {fileID: 0}
    - target: {fileID: 2300002, guid: b75ce701dc7f3224f8cd3faa608b530d, type: 3}
      propertyPath: m_Materials.Array.data[0]
      value: 
      objectReference: {fileID: 2100000, guid: cde19fb6249580b42a309e73e226b0a3, type: 2}
    - target: {fileID: 2300004, guid: b75ce701dc7f3224f8cd3faa608b530d, type: 3}
      propertyPath: m_Materials.Array.data[0]
      value: 
      objectReference: {fileID: 2100000, guid: cde19fb6249580b42a309e73e226b0a3, type: 2}
    - target: {fileID: 2300006, guid: b75ce701dc7f3224f8cd3faa608b530d, type: 3}
      propertyPath: m_Materials.Array.data[0]
      value: 
      objectReference: {fileID: 2100000, guid: cde19fb6249580b42a309e73e226b0a3, type: 2}
    - target: {fileID: 2300008, guid: b75ce701dc7f3224f8cd3faa608b530d, type: 3}
      propertyPath: m_Materials.Array.data[0]
      value: 
      objectReference: {fileID: 2100000, guid: cde19fb6249580b42a309e73e226b0a3, type: 2}
    - target: {fileID: 2300010, guid: b75ce701dc7f3224f8cd3faa608b530d, type: 3}
      propertyPath: m_Materials.Array.data[0]
      value: 
      objectReference: {fileID: 2100000, guid: cde19fb6249580b42a309e73e226b0a3, type: 2}
    - target: {fileID: 2300012, guid: b75ce701dc7f3224f8cd3faa608b530d, type: 3}
      propertyPath: m_Materials.Array.data[0]
      value: 
      objectReference: {fileID: 2100000, guid: cde19fb6249580b42a309e73e226b0a3, type: 2}
    - target: {fileID: 2300014, guid: b75ce701dc7f3224f8cd3faa608b530d, type: 3}
      propertyPath: m_Materials.Array.data[0]
      value: 
      objectReference: {fileID: 2100000, guid: cde19fb6249580b42a309e73e226b0a3, type: 2}
    - target: {fileID: 100002, guid: b75ce701dc7f3224f8cd3faa608b530d, type: 3}
      propertyPath: m_IsActive
      value: 0
      objectReference: {fileID: 0}
    - target: {fileID: 100000, guid: b75ce701dc7f3224f8cd3faa608b530d, type: 3}
      propertyPath: m_Name
      value: bg (4)
      objectReference: {fileID: 0}
    m_RemovedComponents: []
  m_ParentPrefab: {fileID: 100100000, guid: b75ce701dc7f3224f8cd3faa608b530d, type: 3}
  m_IsPrefabParent: 0
--- !u!114 &1648576432 stripped
MonoBehaviour:
  m_PrefabParentObject: {fileID: 11495072, guid: 502addd0a625d41b5b967ca7b5b5f3d1,
    type: 2}
  m_PrefabInternal: {fileID: 1770194329}
  m_Script: {fileID: 708705254, guid: f5f67c52d1564df4a8936ccd202a3bd8, type: 3}
--- !u!1 &1727134121
GameObject:
  m_ObjectHideFlags: 0
  m_PrefabParentObject: {fileID: 0}
  m_PrefabInternal: {fileID: 0}
  serializedVersion: 4
  m_Component:
  - 4: {fileID: 1727134124}
  - 114: {fileID: 1727134123}
  - 114: {fileID: 1727134122}
  m_Layer: 0
  m_Name: EventSystem
  m_TagString: Untagged
  m_Icon: {fileID: 0}
  m_NavMeshLayer: 0
  m_StaticEditorFlags: 0
  m_IsActive: 1
--- !u!114 &1727134122
MonoBehaviour:
  m_ObjectHideFlags: 0
  m_PrefabParentObject: {fileID: 0}
  m_PrefabInternal: {fileID: 0}
  m_GameObject: {fileID: 1727134121}
  m_Enabled: 1
  m_EditorHideFlags: 0
  m_Script: {fileID: 1077351063, guid: f5f67c52d1564df4a8936ccd202a3bd8, type: 3}
  m_Name: 
  m_EditorClassIdentifier: 
  m_HorizontalAxis: Horizontal
  m_VerticalAxis: Vertical
  m_SubmitButton: Submit
  m_CancelButton: Cancel
  m_InputActionsPerSecond: 10
  m_RepeatDelay: 0.5
  m_ForceModuleActive: 0
--- !u!114 &1727134123
MonoBehaviour:
  m_ObjectHideFlags: 0
  m_PrefabParentObject: {fileID: 0}
  m_PrefabInternal: {fileID: 0}
  m_GameObject: {fileID: 1727134121}
  m_Enabled: 1
  m_EditorHideFlags: 0
  m_Script: {fileID: -619905303, guid: f5f67c52d1564df4a8936ccd202a3bd8, type: 3}
  m_Name: 
  m_EditorClassIdentifier: 
  m_FirstSelected: {fileID: 0}
  m_sendNavigationEvents: 1
  m_DragThreshold: 5
--- !u!4 &1727134124
Transform:
  m_ObjectHideFlags: 0
  m_PrefabParentObject: {fileID: 0}
  m_PrefabInternal: {fileID: 0}
  m_GameObject: {fileID: 1727134121}
  m_LocalRotation: {x: 0, y: 0, z: 0, w: 1}
  m_LocalPosition: {x: 0, y: 0, z: 0}
  m_LocalScale: {x: 1, y: 1, z: 1}
  m_Children: []
  m_Father: {fileID: 0}
  m_RootOrder: 31
--- !u!1001 &1742712875
Prefab:
  m_ObjectHideFlags: 0
  serializedVersion: 2
  m_Modification:
    m_TransformParent: {fileID: 0}
    m_Modifications:
    - target: {fileID: 400006, guid: c9d7e9df65733164684e389030ccb84b, type: 3}
      propertyPath: m_LocalPosition.x
      value: 318.2
      objectReference: {fileID: 0}
    - target: {fileID: 400006, guid: c9d7e9df65733164684e389030ccb84b, type: 3}
      propertyPath: m_LocalPosition.y
      value: 0
      objectReference: {fileID: 0}
    - target: {fileID: 400006, guid: c9d7e9df65733164684e389030ccb84b, type: 3}
      propertyPath: m_LocalPosition.z
      value: 0
      objectReference: {fileID: 0}
    - target: {fileID: 400006, guid: c9d7e9df65733164684e389030ccb84b, type: 3}
      propertyPath: m_LocalRotation.x
      value: 0
      objectReference: {fileID: 0}
    - target: {fileID: 400006, guid: c9d7e9df65733164684e389030ccb84b, type: 3}
      propertyPath: m_LocalRotation.y
      value: 0
      objectReference: {fileID: 0}
    - target: {fileID: 400006, guid: c9d7e9df65733164684e389030ccb84b, type: 3}
      propertyPath: m_LocalRotation.z
      value: 0
      objectReference: {fileID: 0}
    - target: {fileID: 400006, guid: c9d7e9df65733164684e389030ccb84b, type: 3}
      propertyPath: m_LocalRotation.w
      value: 1
      objectReference: {fileID: 0}
    - target: {fileID: 400006, guid: c9d7e9df65733164684e389030ccb84b, type: 3}
      propertyPath: m_RootOrder
      value: 26
      objectReference: {fileID: 0}
    - target: {fileID: 100006, guid: c9d7e9df65733164684e389030ccb84b, type: 3}
      propertyPath: m_Name
      value: pyramids (2)
      objectReference: {fileID: 0}
    m_RemovedComponents: []
  m_ParentPrefab: {fileID: 100100000, guid: c9d7e9df65733164684e389030ccb84b, type: 3}
  m_IsPrefabParent: 0
--- !u!1001 &1770194329
Prefab:
  m_ObjectHideFlags: 0
  serializedVersion: 2
  m_Modification:
    m_TransformParent: {fileID: 0}
    m_Modifications:
    - target: {fileID: 412014, guid: 502addd0a625d41b5b967ca7b5b5f3d1, type: 2}
      propertyPath: m_LocalPosition.x
      value: 0
      objectReference: {fileID: 0}
    - target: {fileID: 412014, guid: 502addd0a625d41b5b967ca7b5b5f3d1, type: 2}
      propertyPath: m_LocalPosition.y
      value: 0
      objectReference: {fileID: 0}
    - target: {fileID: 412014, guid: 502addd0a625d41b5b967ca7b5b5f3d1, type: 2}
      propertyPath: m_LocalPosition.z
      value: 0
      objectReference: {fileID: 0}
    - target: {fileID: 412014, guid: 502addd0a625d41b5b967ca7b5b5f3d1, type: 2}
      propertyPath: m_LocalRotation.x
      value: 0
      objectReference: {fileID: 0}
    - target: {fileID: 412014, guid: 502addd0a625d41b5b967ca7b5b5f3d1, type: 2}
      propertyPath: m_LocalRotation.y
      value: 0
      objectReference: {fileID: 0}
    - target: {fileID: 412014, guid: 502addd0a625d41b5b967ca7b5b5f3d1, type: 2}
      propertyPath: m_LocalRotation.z
      value: 0
      objectReference: {fileID: 0}
    - target: {fileID: 412014, guid: 502addd0a625d41b5b967ca7b5b5f3d1, type: 2}
      propertyPath: m_LocalRotation.w
      value: 1
      objectReference: {fileID: 0}
    - target: {fileID: 412014, guid: 502addd0a625d41b5b967ca7b5b5f3d1, type: 2}
      propertyPath: m_RootOrder
      value: 8
      objectReference: {fileID: 0}
    - target: {fileID: 140592, guid: 502addd0a625d41b5b967ca7b5b5f3d1, type: 2}
      propertyPath: m_IsActive
      value: 0
      objectReference: {fileID: 0}
    m_RemovedComponents: []
  m_ParentPrefab: {fileID: 100100000, guid: 502addd0a625d41b5b967ca7b5b5f3d1, type: 2}
  m_IsPrefabParent: 0
--- !u!1001 &1796372814
Prefab:
  m_ObjectHideFlags: 0
  serializedVersion: 2
  m_Modification:
    m_TransformParent: {fileID: 0}
    m_Modifications:
    - target: {fileID: 435042, guid: 493c3865f49f1f9428e7f0c05c7028bd, type: 2}
      propertyPath: m_LocalPosition.x
      value: 0
      objectReference: {fileID: 0}
    - target: {fileID: 435042, guid: 493c3865f49f1f9428e7f0c05c7028bd, type: 2}
      propertyPath: m_LocalPosition.y
      value: 0
      objectReference: {fileID: 0}
    - target: {fileID: 435042, guid: 493c3865f49f1f9428e7f0c05c7028bd, type: 2}
      propertyPath: m_LocalPosition.z
      value: 0
      objectReference: {fileID: 0}
    - target: {fileID: 435042, guid: 493c3865f49f1f9428e7f0c05c7028bd, type: 2}
      propertyPath: m_LocalRotation.x
      value: 0
      objectReference: {fileID: 0}
    - target: {fileID: 435042, guid: 493c3865f49f1f9428e7f0c05c7028bd, type: 2}
      propertyPath: m_LocalRotation.y
      value: 0
      objectReference: {fileID: 0}
    - target: {fileID: 435042, guid: 493c3865f49f1f9428e7f0c05c7028bd, type: 2}
      propertyPath: m_LocalRotation.z
      value: 0
      objectReference: {fileID: 0}
    - target: {fileID: 435042, guid: 493c3865f49f1f9428e7f0c05c7028bd, type: 2}
      propertyPath: m_LocalRotation.w
      value: 1
      objectReference: {fileID: 0}
    - target: {fileID: 435042, guid: 493c3865f49f1f9428e7f0c05c7028bd, type: 2}
      propertyPath: m_RootOrder
      value: 7
      objectReference: {fileID: 0}
    m_RemovedComponents: []
  m_ParentPrefab: {fileID: 100100000, guid: 493c3865f49f1f9428e7f0c05c7028bd, type: 2}
  m_IsPrefabParent: 0
--- !u!1 &1871542222
GameObject:
  m_ObjectHideFlags: 0
  m_PrefabParentObject: {fileID: 0}
  m_PrefabInternal: {fileID: 0}
  serializedVersion: 4
  m_Component:
  - 4: {fileID: 1871542224}
  - 108: {fileID: 1871542223}
  m_Layer: 8
  m_Name: Spotlight
  m_TagString: Untagged
  m_Icon: {fileID: 0}
  m_NavMeshLayer: 0
  m_StaticEditorFlags: 0
  m_IsActive: 1
--- !u!108 &1871542223
Light:
  m_ObjectHideFlags: 0
  m_PrefabParentObject: {fileID: 0}
  m_PrefabInternal: {fileID: 0}
  m_GameObject: {fileID: 1871542222}
  m_Enabled: 1
  serializedVersion: 6
  m_Type: 0
  m_Color: {r: 0.6764706, g: 0.8259635, b: 1, a: 1}
  m_Intensity: 5
  m_Range: 20.84875
  m_SpotAngle: 41.2
  m_CookieSize: 10
  m_Shadows:
    m_Type: 0
    m_Resolution: -1
    m_Strength: 1
    m_Bias: 0.05
    m_NormalBias: 0.4
    m_NearPlane: 0.2
  m_Cookie: {fileID: 0}
  m_DrawHalo: 0
  m_Flare: {fileID: 0}
  m_RenderMode: 0
  m_CullingMask:
    serializedVersion: 2
    m_Bits: 256
  m_Lightmapping: 4
  m_BounceIntensity: 1
  m_ShadowRadius: 0
  m_ShadowAngle: 0
  m_AreaSize: {x: 1, y: 1}
--- !u!4 &1871542224
Transform:
  m_ObjectHideFlags: 0
  m_PrefabParentObject: {fileID: 0}
  m_PrefabInternal: {fileID: 0}
  m_GameObject: {fileID: 1871542222}
  m_LocalRotation: {x: 0.49603158, y: -0.1495396, z: -0.7677767, w: 0.37697425}
  m_LocalPosition: {x: 13.63, y: 4.33, z: -4.43}
  m_LocalScale: {x: 1, y: 1, z: 1}
  m_Children: []
  m_Father: {fileID: 0}
  m_RootOrder: 26
--- !u!114 &1911862372 stripped
MonoBehaviour:
  m_PrefabParentObject: {fileID: 11471342, guid: 502addd0a625d41b5b967ca7b5b5f3d1,
    type: 2}
  m_PrefabInternal: {fileID: 1770194329}
  m_Script: {fileID: 708705254, guid: f5f67c52d1564df4a8936ccd202a3bd8, type: 3}
--- !u!1001 &1913254060
Prefab:
  m_ObjectHideFlags: 0
  serializedVersion: 2
  m_Modification:
    m_TransformParent: {fileID: 0}
    m_Modifications:
    - target: {fileID: 477074, guid: 8fb6a097e627d427e8a259ed42367730, type: 2}
      propertyPath: m_LocalPosition.x
      value: 0
      objectReference: {fileID: 0}
    - target: {fileID: 477074, guid: 8fb6a097e627d427e8a259ed42367730, type: 2}
      propertyPath: m_LocalPosition.y
      value: 0.02
      objectReference: {fileID: 0}
    - target: {fileID: 477074, guid: 8fb6a097e627d427e8a259ed42367730, type: 2}
      propertyPath: m_LocalPosition.z
      value: 0
      objectReference: {fileID: 0}
    - target: {fileID: 477074, guid: 8fb6a097e627d427e8a259ed42367730, type: 2}
      propertyPath: m_LocalRotation.x
      value: 0
      objectReference: {fileID: 0}
    - target: {fileID: 477074, guid: 8fb6a097e627d427e8a259ed42367730, type: 2}
      propertyPath: m_LocalRotation.y
      value: 0
      objectReference: {fileID: 0}
    - target: {fileID: 477074, guid: 8fb6a097e627d427e8a259ed42367730, type: 2}
      propertyPath: m_LocalRotation.z
      value: 0
      objectReference: {fileID: 0}
    - target: {fileID: 477074, guid: 8fb6a097e627d427e8a259ed42367730, type: 2}
      propertyPath: m_LocalRotation.w
      value: 1
      objectReference: {fileID: 0}
    - target: {fileID: 477074, guid: 8fb6a097e627d427e8a259ed42367730, type: 2}
      propertyPath: m_RootOrder
      value: 4
      objectReference: {fileID: 0}
    m_RemovedComponents: []
  m_ParentPrefab: {fileID: 100100000, guid: 8fb6a097e627d427e8a259ed42367730, type: 2}
  m_IsPrefabParent: 0
--- !u!1001 &1938590040
Prefab:
  m_ObjectHideFlags: 0
  serializedVersion: 2
  m_Modification:
    m_TransformParent: {fileID: 0}
    m_Modifications:
    - target: {fileID: 414458, guid: 31b845cfc3052406a9f6b0c3537c1ea0, type: 2}
      propertyPath: m_LocalPosition.x
      value: 3.0209155
      objectReference: {fileID: 0}
    - target: {fileID: 414458, guid: 31b845cfc3052406a9f6b0c3537c1ea0, type: 2}
      propertyPath: m_LocalPosition.y
      value: 5.347492
      objectReference: {fileID: 0}
    - target: {fileID: 414458, guid: 31b845cfc3052406a9f6b0c3537c1ea0, type: 2}
      propertyPath: m_LocalPosition.z
      value: -2.5148315
      objectReference: {fileID: 0}
    - target: {fileID: 414458, guid: 31b845cfc3052406a9f6b0c3537c1ea0, type: 2}
      propertyPath: m_LocalRotation.x
      value: 0
      objectReference: {fileID: 0}
    - target: {fileID: 414458, guid: 31b845cfc3052406a9f6b0c3537c1ea0, type: 2}
      propertyPath: m_LocalRotation.y
      value: 0
      objectReference: {fileID: 0}
    - target: {fileID: 414458, guid: 31b845cfc3052406a9f6b0c3537c1ea0, type: 2}
      propertyPath: m_LocalRotation.z
      value: 0
      objectReference: {fileID: 0}
    - target: {fileID: 414458, guid: 31b845cfc3052406a9f6b0c3537c1ea0, type: 2}
      propertyPath: m_LocalRotation.w
      value: 1
      objectReference: {fileID: 0}
    - target: {fileID: 414458, guid: 31b845cfc3052406a9f6b0c3537c1ea0, type: 2}
      propertyPath: m_RootOrder
      value: 14
      objectReference: {fileID: 0}
    - target: {fileID: 11431670, guid: 31b845cfc3052406a9f6b0c3537c1ea0, type: 2}
      propertyPath: MenuObject
      value: 
      objectReference: {fileID: 724606641}
    - target: {fileID: 11445762, guid: 31b845cfc3052406a9f6b0c3537c1ea0, type: 2}
      propertyPath: MainScoreText
      value: 
      objectReference: {fileID: 130251782}
    - target: {fileID: 11445762, guid: 31b845cfc3052406a9f6b0c3537c1ea0, type: 2}
      propertyPath: HomerunCounterParent
      value: 
      objectReference: {fileID: 530614702}
    - target: {fileID: 11445762, guid: 31b845cfc3052406a9f6b0c3537c1ea0, type: 2}
      propertyPath: FinalScoreText
      value: 
      objectReference: {fileID: 1648576432}
    - target: {fileID: 11445762, guid: 31b845cfc3052406a9f6b0c3537c1ea0, type: 2}
      propertyPath: ComboScoreText
      value: 
      objectReference: {fileID: 1911862372}
    m_RemovedComponents: []
  m_ParentPrefab: {fileID: 100100000, guid: 31b845cfc3052406a9f6b0c3537c1ea0, type: 2}
  m_IsPrefabParent: 0
--- !u!1001 &1977037905
Prefab:
  m_ObjectHideFlags: 0
  serializedVersion: 2
  m_Modification:
    m_TransformParent: {fileID: 0}
    m_Modifications:
    - target: {fileID: 400006, guid: c9d7e9df65733164684e389030ccb84b, type: 3}
      propertyPath: m_LocalPosition.x
      value: 132.1
      objectReference: {fileID: 0}
    - target: {fileID: 400006, guid: c9d7e9df65733164684e389030ccb84b, type: 3}
      propertyPath: m_LocalPosition.y
      value: 0
      objectReference: {fileID: 0}
    - target: {fileID: 400006, guid: c9d7e9df65733164684e389030ccb84b, type: 3}
      propertyPath: m_LocalPosition.z
      value: 0
      objectReference: {fileID: 0}
    - target: {fileID: 400006, guid: c9d7e9df65733164684e389030ccb84b, type: 3}
      propertyPath: m_LocalRotation.x
      value: 0
      objectReference: {fileID: 0}
    - target: {fileID: 400006, guid: c9d7e9df65733164684e389030ccb84b, type: 3}
      propertyPath: m_LocalRotation.y
      value: 0
      objectReference: {fileID: 0}
    - target: {fileID: 400006, guid: c9d7e9df65733164684e389030ccb84b, type: 3}
      propertyPath: m_LocalRotation.z
      value: 0
      objectReference: {fileID: 0}
    - target: {fileID: 400006, guid: c9d7e9df65733164684e389030ccb84b, type: 3}
      propertyPath: m_LocalRotation.w
      value: 1
      objectReference: {fileID: 0}
    - target: {fileID: 400006, guid: c9d7e9df65733164684e389030ccb84b, type: 3}
      propertyPath: m_RootOrder
      value: 25
      objectReference: {fileID: 0}
    - target: {fileID: 100006, guid: c9d7e9df65733164684e389030ccb84b, type: 3}
      propertyPath: m_Name
      value: pyramids (1)
      objectReference: {fileID: 0}
    m_RemovedComponents: []
  m_ParentPrefab: {fileID: 100100000, guid: c9d7e9df65733164684e389030ccb84b, type: 3}
  m_IsPrefabParent: 0
--- !u!1001 &2020389195
Prefab:
  m_ObjectHideFlags: 0
  serializedVersion: 2
  m_Modification:
    m_TransformParent: {fileID: 0}
    m_Modifications:
    - target: {fileID: 469096, guid: 5dfd51e4a0611864c8a729eda19f98c2, type: 2}
      propertyPath: m_LocalPosition.x
      value: 0
      objectReference: {fileID: 0}
    - target: {fileID: 469096, guid: 5dfd51e4a0611864c8a729eda19f98c2, type: 2}
      propertyPath: m_LocalPosition.y
      value: 0
      objectReference: {fileID: 0}
    - target: {fileID: 469096, guid: 5dfd51e4a0611864c8a729eda19f98c2, type: 2}
      propertyPath: m_LocalPosition.z
      value: 0
      objectReference: {fileID: 0}
    - target: {fileID: 469096, guid: 5dfd51e4a0611864c8a729eda19f98c2, type: 2}
      propertyPath: m_LocalRotation.x
      value: 0
      objectReference: {fileID: 0}
    - target: {fileID: 469096, guid: 5dfd51e4a0611864c8a729eda19f98c2, type: 2}
      propertyPath: m_LocalRotation.y
      value: 0
      objectReference: {fileID: 0}
    - target: {fileID: 469096, guid: 5dfd51e4a0611864c8a729eda19f98c2, type: 2}
      propertyPath: m_LocalRotation.z
      value: 0
      objectReference: {fileID: 0}
    - target: {fileID: 469096, guid: 5dfd51e4a0611864c8a729eda19f98c2, type: 2}
      propertyPath: m_LocalRotation.w
      value: 1
      objectReference: {fileID: 0}
    - target: {fileID: 469096, guid: 5dfd51e4a0611864c8a729eda19f98c2, type: 2}
      propertyPath: m_RootOrder
      value: 6
      objectReference: {fileID: 0}
    m_RemovedComponents: []
  m_ParentPrefab: {fileID: 100100000, guid: 5dfd51e4a0611864c8a729eda19f98c2, type: 2}
  m_IsPrefabParent: 0
--- !u!1001 &2039198630
Prefab:
  m_ObjectHideFlags: 0
  serializedVersion: 2
  m_Modification:
    m_TransformParent: {fileID: 0}
    m_Modifications:
    - target: {fileID: 400000, guid: bf495eacf58e31146ab012aa89ac68da, type: 2}
      propertyPath: m_LocalPosition.x
      value: 7.215
      objectReference: {fileID: 0}
    - target: {fileID: 400000, guid: bf495eacf58e31146ab012aa89ac68da, type: 2}
      propertyPath: m_LocalPosition.y
      value: 1.19
      objectReference: {fileID: 0}
    - target: {fileID: 400000, guid: bf495eacf58e31146ab012aa89ac68da, type: 2}
      propertyPath: m_LocalPosition.z
      value: -7.166
      objectReference: {fileID: 0}
    - target: {fileID: 400000, guid: bf495eacf58e31146ab012aa89ac68da, type: 2}
      propertyPath: m_LocalRotation.x
      value: 0
      objectReference: {fileID: 0}
    - target: {fileID: 400000, guid: bf495eacf58e31146ab012aa89ac68da, type: 2}
      propertyPath: m_LocalRotation.y
      value: 0
      objectReference: {fileID: 0}
    - target: {fileID: 400000, guid: bf495eacf58e31146ab012aa89ac68da, type: 2}
      propertyPath: m_LocalRotation.z
      value: 0
      objectReference: {fileID: 0}
    - target: {fileID: 400000, guid: bf495eacf58e31146ab012aa89ac68da, type: 2}
      propertyPath: m_LocalRotation.w
      value: 1
      objectReference: {fileID: 0}
    - target: {fileID: 400000, guid: bf495eacf58e31146ab012aa89ac68da, type: 2}
      propertyPath: m_RootOrder
      value: 9
      objectReference: {fileID: 0}
    - target: {fileID: 100000, guid: bf495eacf58e31146ab012aa89ac68da, type: 2}
      propertyPath: m_Name
      value: FireComplexR
      objectReference: {fileID: 0}
    m_RemovedComponents: []
  m_ParentPrefab: {fileID: 100100000, guid: bf495eacf58e31146ab012aa89ac68da, type: 2}
  m_IsPrefabParent: 0
